@book{algorithmic-game-theory-book,
    author = {Nisan, Noam and Roughgarden, Tim and Tardos, Eva and Vazirani, Vijay V.},
    title = {Algorithmic Game Theory},
    year = {2007},
    isbn = {0521872820},
    publisher = {Cambridge University Press},
    address = {USA}
}
  
@inproceedings{chen2006settling,
  title={Settling the complexity of two-player Nash equilibrium},
  author={Chen, Xi and Deng, Xiaotie},
  booktitle={2006 47th Annual IEEE Symposium on Foundations of Computer Science (FOCS'06)},
  pages={261--272},
  year={2006},
  organization={IEEE}
}

@article{ausubel2006lovely,
  title={The lovely but lonely Vickrey auction},
  author={Ausubel, Lawrence M and Milgrom, Paul and others},
  journal={Combinatorial auctions},
  volume={17},
  pages={22--26},
  year={2006}
}